@online{data-explorer,
    title = "Data Explorer",
    url  = "https://cran.r-project.org/web/packages/DataExplorer/index.html",
    keywords = "eda"
}



